@online{rhekua,
    author = "Dillon DeLoss",
    title  = "Rhekua",
    url    = "http://steamsales.rhekua.com/"
}

@online{steam,
    author = "Valve Corporation",
    title  = "Steam",
    url    = "http://store.steampowered.com/"
}

@online{steamspy,
    author = "Sergey Galyonkin",
    title  = "Steam Spy",
    url    = "http://steamspy.com/"
}
